%------------------------------- Referencias de nutrición sobrepeso-salud
@BOOK{bernstein,
	author  		= {Bernstein, D., and Kliegman, RM., and Stanton, BF., and Geme, JW III.},
	title   		= {Evaluation of the cardiovascular system: history and physical evaluation},
	publisher		= {Elsevier Saunders},
	address 		= {Philadelphia, Pa},
	edition 		= {19$^a$},
	note 			= {chap 416},
	year    		= {2011}
}

@ARTICLE{oms1,
	author 			= {Centro de Prensa},
	title 			= {Obesidad y sobrepeso},
	journal 		= {Organización Mundial de la Salud},
	year 			= {2012},
	volume 			= {311},
	pages 			= {1-2}
}

@misc{oms2,
	author 			= {OMS},
	editor 			= {Organización Mundial de la Salud},
	title 			= {Obesidad y sobrepeso},
	howpublished 	= {Nota descriptiva no 311 [en línea]},
	organization 	= {Organización Mundial de la Salud},
	month 			= {agosto},
	year 			= {2014},
	url 			= {http://www.who.int/mediacentre/factsheets/fs311/es/index.html},
	urldate 		= {5 octubre 2014}
}